@online{wikikmeans,
  title={Wikipedia - k-means clustering},
  url={https://en.wikipedia.org/wiki/K-means_clustering}
}
@online{wikiclusteranalysis,
  title={Wikipedia - Cluster analysis},
  url={https://en.wikipedia.org/wiki/Cluster_analysis}
}
